<?xml version="1.0" encoding="UTF-8" ?>
<collection xmlns:xsi="http://www.w3.org/2001/XMLSchema-instance"
    xsi:schemaLocation="http://www.loc.gov/MARC21/slim
        http://www.loc.gov/standards/marcxml/schema/MARC21slim.xsd"
    xmlns="http://www.loc.gov/MARC21/slim">
<record>
  <leader>00282cam a2200553 ia4500</leader>
  <controlfield tag="001">b12312022</controlfield>
  <controlfield tag="003">LeBAU</controlfield>
  <controlfield tag="005">20140808</controlfield>
  <controlfield tag="008">970110s1913    le acf   b    000 0 ara d</controlfield>
  <datafield tag="035" ind1=" " ind2=" ">
    <subfield code="a">ocn784182291</subfield>
  </datafield>
  <datafield tag="040" ind1=" " ind2=" ">
    <subfield code="a">LEAUB</subfield>
    <subfield code="b">ara</subfield>
    <subfield code="e">rda</subfield>
    <subfield code="c">LEAUB</subfield>
    <subfield code="d">LEAUB</subfield>
  </datafield>
  <datafield tag="082" ind1="0" ind2="4">
    <subfield code="a">079.569</subfield>
    <subfield code="2">20</subfield>
  </datafield>
  <datafield tag="100" ind1="1" ind2=" ">
    <subfield code="6">880-01</subfield>
    <subfield code="a">Tarrāzī, Fīlīb Dī,</subfield>
    <subfield code="c">al-Fīkunt,</subfield>
    <subfield code="d">1865-1956,</subfield>
    <subfield code="e">author.</subfield>
  </datafield>
  <datafield tag="245" ind1="1" ind2="0">
    <subfield code="6">880-02</subfield>
    <subfield code="a">Tārīkh al-ṣiḥāfah al-ʻArabīyah /</subfield>
    <subfield code="c">bi-qalam Fīlīb Dī Ṭarrāzī.</subfield>
  </datafield>
  <datafield tag="264" ind1=" " ind2="1">
    <subfield code="6">880-03</subfield>
    <subfield code="a">Bayrūt :</subfield>
    <subfield code="b">al-Maṭbaʻah al-Adabīyah,</subfield>
    <subfield code="c">1913-1933.</subfield>
  </datafield>
  <datafield tag="300" ind1=" " ind2=" ">
    <subfield code="6">880-04</subfield>
    <subfield code="a">2 volumes :</subfield>
    <subfield code="b">illustrations, portraits ;</subfield>
    <subfield code="c">25 cm</subfield>
  </datafield>
  <datafield tag="336" ind1=" " ind2=" ">
    <subfield code="a">text</subfield>
    <subfield code="b">txt</subfield>
    <subfield code="2">rdacontent</subfield>
  </datafield>
  <datafield tag="337" ind1=" " ind2=" ">
    <subfield code="a">unmediated</subfield>
    <subfield code="b">n</subfield>
    <subfield code="2">rdamedia</subfield>
  </datafield>
  <datafield tag="338" ind1=" " ind2=" ">
    <subfield code="a">volume</subfield>
    <subfield code="b">nc</subfield>
    <subfield code="2">rdacarrier</subfield>
  </datafield>
  <datafield tag="500" ind1=" " ind2=" ">
    <subfield code="a">اعادت طبعة بالاوفست مكتبة المثنى ببغداد، 1967.</subfield>
  </datafield>
  <datafield tag="500" ind1=" " ind2=" ">
    <subfield code="a">4 أجزاء ببليوغرافية في 2 جزء مادي.</subfield>
  </datafield>
  <datafield tag="500" ind1=" " ind2=" ">
    <subfield code="a">منشور أيضاً ضمن سلسلة العلوم الإجتماعية للجامعة الأميركية المعنونة: مراجع ما نشر بعد الحرب العظمى ومصنف تحت: R:956.016:D63p</subfield>
  </datafield>
  <datafield tag="500" ind1=" " ind2=" ">
    <subfield code="a">الجزء الرابع: طبع المطبعة الأميركانية في بيروت.</subfield>
  </datafield>
  <datafield tag="504" ind1=" " ind2=" ">
    <subfield code="a">يتضمن مراجع ببليوغرافية.</subfield>
  </datafield>
  <datafield tag="505" ind1="0" ind2=" ">
    <subfield code="a">الجزء الأول-الثالث. يحتوى على اخبار كل جريدة ومجلة عربية ظهرت في العالم شرقا وغربا مع رسوم اصحابها و المحررين فيها وتراجم مشاهيرهم -- الجزء الرابع. يحتوي على جميع فهارس الجرائد والمجلات في  الخافقين مذ تكوين الصحافة العربية إلى نهاية عام 1929.</subfield>
  </datafield>
  <datafield tag="650" ind1=" " ind2="4">
    <subfield code="a">الصحافة</subfield>
    <subfield code="z">البلدان العربية.</subfield>
  </datafield>
  <datafield tag="650" ind1=" " ind2="4">
    <subfield code="a">الصحف</subfield>
    <subfield code="z">البلدان العربية</subfield>
    <subfield code="v">ببليوغرافيا.</subfield>
  </datafield>
  <datafield tag="650" ind1=" " ind2="4">
    <subfield code="a">الصحفيون العرب.</subfield>
  </datafield>
  <datafield tag="650" ind1=" " ind2="0">
    <subfield code="a">Press</subfield>
    <subfield code="z">Arab countries.</subfield>
  </datafield>
  <datafield tag="650" ind1=" " ind2="0">
    <subfield code="a">Arabic newspapers</subfield>
    <subfield code="v">Bibliography.</subfield>
  </datafield>
  <datafield tag="650" ind1=" " ind2="0">
    <subfield code="a">Journalists, Arab.</subfield>
  </datafield>
  <datafield tag="852" ind1=" " ind2=" ">
    <subfield code="a">Jafet Reference</subfield>
    <subfield code="e">American University of Beirut, Bliss Street , Beirut, Lebanon.</subfield>
  </datafield>
  <datafield tag="852" ind1=" " ind2=" ">
    <subfield code="a">Jafet Archives and Special Collections</subfield>
    <subfield code="e">American University of Beirut, Bliss Street , Beirut, Lebanon.</subfield>
  </datafield>
  <datafield tag="852" ind1=" " ind2=" ">
    <subfield code="a">Jafet Reference</subfield>
    <subfield code="e">American University of Beirut, Bliss Street , Beirut, Lebanon.</subfield>
  </datafield>
  <datafield tag="852" ind1=" " ind2=" ">
    <subfield code="a">Jafet Library</subfield>
    <subfield code="e">American University of Beirut, Bliss Street , Beirut, Lebanon.</subfield>
  </datafield>
  <datafield tag="880" ind1="1" ind2=" ">
    <subfield code="6">100-01/(3/r</subfield>
    <subfield code="a">طرازي، فيليب دي،</subfield>
    <subfield code="c">الفيكونت،</subfield>
    <subfield code="d">1865-1956،</subfield>
    <subfield code="e">مؤلف. </subfield>
    <subfield code="4">aut.</subfield>
  </datafield>
  <datafield tag="880" ind1="1" ind2="0">
    <subfield code="6">245-02/(3/r</subfield>
    <subfield code="a">تاريخ الصحافة العربية /</subfield>
    <subfield code="c">بقلم فيليب دي طرازي.</subfield>
  </datafield>
  <datafield tag="880" ind1=" " ind2="1">
    <subfield code="6">264-03/(3/r</subfield>
    <subfield code="a">بيروت :</subfield>
    <subfield code="b">المطبعة الأدبية،</subfield>
    <subfield code="c">1913-1933.</subfield>
  </datafield>
  <datafield tag="880" ind1=" " ind2=" ">
    <subfield code="6">300-04/(3/r</subfield>
    <subfield code="a">2 جزء :</subfield>
    <subfield code="b">مصورات، صور شخصانية ؛</subfield>
    <subfield code="c">25 سم</subfield>
  </datafield>
  <datafield tag="907" ind1=" " ind2=" ">
    <subfield code="a">.b12312022</subfield>
    <subfield code="b">15-12-04</subfield>
    <subfield code="c">11-05-24</subfield>
  </datafield>
  <datafield tag="907" ind1=" " ind2=" ">
    <subfield code="a">.b12312022</subfield>
    <subfield code="b">11-10-11</subfield>
    <subfield code="c">11-05-24</subfield>
  </datafield>
  <datafield tag="945" ind1=" " ind2=" ">
    <subfield code="f">CA:R</subfield>
    <subfield code="a">079.569:T192tA:v.1-2:c.1</subfield>
    <subfield code="g">1</subfield>
    <subfield code="i">01069773</subfield>
    <subfield code="j">.i12738918</subfield>
    <subfield code="l">u0318</subfield>
  </datafield>
  <datafield tag="945" ind1=" " ind2=" ">
    <subfield code="f">CA:R</subfield>
    <subfield code="a">079.569:T192tA:v.3-4:c.1</subfield>
    <subfield code="g">1</subfield>
    <subfield code="i">01069775</subfield>
    <subfield code="j">.i1273892x</subfield>
    <subfield code="l">u0318</subfield>
  </datafield>
  <datafield tag="945" ind1=" " ind2=" ">
    <subfield code="f">RD</subfield>
    <subfield code="a">079.569:T192tA:v.1-2:c.1</subfield>
    <subfield code="g">1</subfield>
    <subfield code="i">00489762</subfield>
    <subfield code="j">.i12738906</subfield>
    <subfield code="l">u0602</subfield>
  </datafield>
  <datafield tag="945" ind1=" " ind2=" ">
    <subfield code="f">RD</subfield>
    <subfield code="a">079.569:T192tA:v.1-2:c.2</subfield>
    <subfield code="g">1</subfield>
    <subfield code="i">00295839</subfield>
    <subfield code="j">.i12738931</subfield>
    <subfield code="l">u0602</subfield>
  </datafield>
  <datafield tag="945" ind1=" " ind2=" ">
    <subfield code="f">RD</subfield>
    <subfield code="a">079.569:T192tA:v.3-4:c.1</subfield>
    <subfield code="g">1</subfield>
    <subfield code="i">00295840</subfield>
    <subfield code="j">.i12738943</subfield>
    <subfield code="l">u0602</subfield>
  </datafield>
  <datafield tag="945" ind1=" " ind2=" ">
    <subfield code="f">J</subfield>
    <subfield code="a">079.569:T192tA:v.1-2:c.1</subfield>
    <subfield code="g">1</subfield>
    <subfield code="i">01000585</subfield>
    <subfield code="j">.i12738955</subfield>
    <subfield code="l">u0503</subfield>
  </datafield>
  <datafield tag="945" ind1=" " ind2=" ">
    <subfield code="f">J</subfield>
    <subfield code="a">079.569:T192tA:v.3-4:c.1</subfield>
    <subfield code="g">1</subfield>
    <subfield code="i">01000586</subfield>
    <subfield code="j">.i12738967</subfield>
    <subfield code="l">u0503</subfield>
  </datafield>
  <datafield tag="998" ind1=" " ind2=" ">
    <subfield code="a">(4)u03</subfield>
    <subfield code="a">(2)u05</subfield>
    <subfield code="a">(3)u06</subfield>
    <subfield code="b">97-01-10</subfield>
    <subfield code="c">m</subfield>
    <subfield code="d">a</subfield>
    <subfield code="e">-</subfield>
    <subfield code="f">ara</subfield>
    <subfield code="g">le </subfield>
    <subfield code="h">0</subfield>
    <subfield code="i">9</subfield>
  </datafield>
</record>
</collection>
